@article{kent-1983-simple,
  title={A simple guide to five normal forms in relational database theory},
  author={Kent, William},
  journal={Communications of the ACM},
  volume={26},
  number={2},
  pages={120--125},
  year={1983},
  publisher={ACM}}

@book{elmasri-2015-fundamentals,
  title={Fundamentals of database systems},
  author={Elmasri, Ramez and Navathe, Shamkant},
  year={2015},
  edition={7th},
  publisher={Addison-Wesley Publishing Company}}

@book{coronel-2016-database,
  title={Database systems: design, implementation, \& management},
  author={Coronel, Carlos and Morris, Steven},
  year={2016},
  publisher={Cengage Learning}}

@article{senko-1973-data,
  title={Data structures and accessing in data-base systems},
  author={Senko, Michael E. and Altman, Edward B. and Astrahan, Morton M. and Fehder, PL},
  journal={IBM Systems Journal},
  volume={12},
  number={1},
  pages={30--93},
  year={1973},
  publisher={IBM}
}

@article{kiar-2017,
  title={Science In the Cloud (SIC): A use case in MRI Connectomics},
  author={Kiar, Gregory and Gorgolewski, Krzysztof J and Kleissas, Dean and Roncal, William Gray and Litt, Brian and Wandell, Brian and Poldrack, Russel A and Wiener, Martin and Vogelstein, R Jacob and Burns, Randal and others},
  journal={Giga Science},
  volume={6},
  number={5},
  pages={1--10},
  year={2017},
  publisher={Oxford University Press}}

@misc{NIH-2018,
  title = {{FY2018 Budget in Brief, NIH}},
  howpublished = "\url{https://www.hhs.gov/about/budget/fy2018/budget-in-brief/nih/index.html}",
  year = {2015}, 
  note = "[Online; accessed 2017-09-14]"
}

@misc{MICrONS,
  title = {Machine Intelligence from Cortical Networks},
  howpublished = "\url{https://www.iarpa.gov/index.php/research-programs/microns}",
  year = {2015}, 
  note = "[Online; accessed 2017-09-14]"
}

@misc{MAP,
  title = {Multi-regional neuronal dynamics of memory-guided flexible behavior},
  howpublished = "\url{https://www.simonsfoundation.org/funded-project/multi-regional-neuronal-dynamics-of-memory-guided-flexible-behavior/}",
  year = {2017}, 
  note = "[Online; accessed 2017-09-14]"
}

@misc{IBL,
  title = {International Brain Lab},
  howpublished = "\url{https://www.internationalbrainlab.com/}",
  year = {2017}, 
  note = "[Online; accessed 2017-09-14]"
}

@article{chen_entity_1976,
  title={The entity-relationship model --- toward a unified view of data},
  author={Chen, Peter Pin-Shan},
  journal={ACM Transactions on Database Systems (TODS)},
  volume={1},
  number={1},
  pages={9--36},
  year={1976},
  publisher={Acm}
}
@article{franke-2017,
  title={Inhibition decorrelates visual feature representations in the inner retina},
  author={Franke, Katrin and Berens, Philipp and Schubert, Timm and Bethge, Matthias and Euler, Thomas and Baden, Tom},
  journal={Nature},
  volume={542},
  number={7642},
  pages={439},
  year={2017},
  publisher={NIH Public Access}
}

@article{reimer-2016,
  title={Pupil fluctuations track rapid changes in adrenergic and cholinergic activity in cortex},
  author={Reimer, Jacob and McGinley, Matthew J and Liu, Yang and Rodenkirch, Charles and Wang, Qi and McCormick, David A and Tolias, Andreas S},
  journal={Nature communications},
  volume={7},
  pages={13289},
  year={2016},
  publisher={Nature Publishing Group}
}

@article{vai-2013,
  title={Spatial integration in mouse primary visual cortex},
  author={Vaiceliunaite, Agne and Erisken, Sinem and Franzen, Florian and Katzner, Steffen and Busse, Laura},
  journal={Journal of neurophysiology},
  volume={110},
  number={4},
  pages={964--972},
  year={2013},
  publisher={Am Physiological Soc}
}

@article{reimer2014pupil,
  title={Pupil fluctuations track fast switching of cortical states during quiet wakefulness},
  author={Reimer, Jacob and Froudarakis, Emmanouil and Cadwell, Cathryn R and Yatsenko, Dimitri and Denfield, George H and Tolias, Andreas S},
  journal={Neuron},
  volume={84},
  number={2},
  pages={355--362},
  year={2014},
  publisher={Elsevier}
}

@article{yatsenko-2015,
  title={Improved estimation and interpretation of correlations in neural circuits},
  author={Yatsenko, Dimitri and Josi{\'c}, Kre{\v{s}}imir and Ecker, Alexander S and Froudarakis, Emmanouil and Cotton, R James and Tolias, Andreas S},
  journal={PLoS Comput Biol},
  volume={11},
  number={3},
  pages={e1004083},
  year={2015},
  publisher={Public Library of Science}
}

@article{erisken-2014,
  title={Effects of locomotion extend throughout the mouse early visual system},
  author={Erisken, Sinem and Vaiceliunaite, Agne and Jurjut, Ovidiu and Fiorini, Matilde and Katzner, Steffen and Busse, Laura},
  journal={Current Biology},
  volume={24},
  number={24},
  pages={2899--2907},
  year={2014},
  publisher={Elsevier}
}

@article{cotton-2013,
  title={Three-dimensional mapping of microcircuit correlation structure},
  author={Cotton, R James and Froudarakis, Emmanouil and Storer, Patrick and Saggau, Peter and Tolias, Andreas S},
  journal={Frontiers in neural circuits},
  volume={7},
  pages={151},
  year={2013},
  publisher={Frontiers}
}
@article{ecker-2014,
  title={State dependence of noise correlations in macaque primary visual cortex},
  author={Ecker, Alexander S and Berens, Philipp and Cotton, R James and Subramaniyan, Manivannan and Denfield, George H and Cadwell, Cathryn R and Smirnakis, Stelios M and Bethge, Matthias and Tolias, Andreas S},
  journal={Neuron},
  volume={82},
  number={1},
  pages={235--248},
  year={2014},
  publisher={Elsevier}
}

@article{brewer-2012,
  title={{CAP} twelve years later: How the ``rules'' have changed},
  author={Brewer, Eric},
  journal={Computer},
  volume={45},
  number={2},
  pages={23--29},
  year={2012},
  publisher={IEEE}
}

@article{yatsenko-datajoint-2015,
    title = {{DataJoint}: managing big scientific data using {MATLAB} or {Python}},
    copyright = {© 2015, Published by Cold Spring Harbor Laboratory Press. This pre-print is available under a Creative Commons License (Attribution 4.0 International), CC BY 4.0, as described at http://creativecommons.org/licenses/by/4.0/},
    shorttitle = {{DataJoint}},
    url = {http://biorxiv.org/content/early/2015/11/14/031658},
    doi = {10.1101/031658},
    language = {en},
    urldate = {2016-03-25},
    journal = {bioRxiv},
    author = {Yatsenko, Dimitri and Reimer, Jacob and Ecker, Alexander S. and Walker, Edgar Y. and Sinz, Fabian and Berens, Philipp and Hoenselaar, Andreas and Cotton, Ronald James and Siapas, Athanassios S. and Tolias, Andreas S.},
    month = Nov,
    year = {2015},
    pages = {031658},
}
@article{teeters_neurodata_2015,
	title = {Neurodata Without Borders: Creating a Common Data Format for Neurophysiology},
	volume = {88},
	issn = {0896-6273},
	shorttitle = {Neurodata {Without} {Borders}},
	url = {http://www.sciencedirect.com/science/article/pii/S0896627315009198},
	doi = {10.1016/j.neuron.2015.10.025},
	number = {4},
	urldate = {2015-11-25},
	journal = {Neuron},
	author = {Teeters, Jeffery L. and Godfrey, Keith and Young, Rob and Dang, Chinh and Friedsam, Claudia and Wark, Barry and Asari, Hiroki and Peron, Simon and Li, Nuo and Peyrache, Adrien and Denisov, Gennady and Siegle, Joshua H. and Olsen, Shawn R. and Martin, Christopher and Chun, Miyoung and Tripathy, Shreejoy and Blanche, Timothy J. and Harris, Kenneth and Buzs\`aki, Gy\"orgy and Koch, Christof and Meister, Markus and Svoboda, Karel and Sommer, Friedrich T.},
	month = nov,
	year = {2015},
	pages = {629--634},
}

@article{mcdougal-2016,
  title={Reproducibility in computational neuroscience models and simulations},
  author={McDougal, Robert A and Bulanova, Anna S and Lytton, William W},
  journal={IEEE Transactions on Biomedical Engineering},
  volume={63},
  number={10},
  pages={2021--2035},
  year={2016},
  publisher={IEEE}
}

@article{froudarakis_population_2014,
	title = {Population code in mouse {V}1 facilitates readout of natural scenes through increased sparseness},
	volume = {17},
	copyright = {© 2014 Nature Publishing Group, a division of Macmillan Publishers Limited. All Rights Reserved.},
	issn = {1097-6256},
	url = {http://www.nature.com.ezproxyhost.library.tmc.edu/neuro/journal/v17/n6/full/nn.3707.html},
	doi = {10.1038/nn.3707},
	language = {en},
	number = {6},
	urldate = {2014-11-11},
	journal = {Nat Neurosci},
	author = {Froudarakis, Emmanouil and Berens, Philipp and Ecker, Alexander S. and Cotton, R. James and Sinz, Fabian H. and Yatsenko, Dimitri and Saggau, Peter and Bethge, Matthias and Tolias, Andreas S.},
	month = jun,
	year = {2014},
	pages = {851--857},
}

@article{reimer_pupil_2014,
	title = {Pupil {Fluctuations} {Track} {Fast} {Switching} of {Cortical} {States} during {Quiet} {Wakefulness}},
	volume = {84},
	issn = {0896-6273},
	url = {http://www.sciencedirect.com/science/article/pii/S0896627314008915},
	doi = {10.1016/j.neuron.2014.09.033},
	number = {2},
	urldate = {2014-11-03},
	journal = {Neuron},
	author = {Reimer, Jacob and Froudarakis, Emmanouil and Cadwell, Cathryn R. and Yatsenko, Dimitri and Denfield, George H. and Tolias, Andreas S.},
	month = oct,
	year = {2014},
	pages = {355--362},
}
@article{shan2016spatial,
  title={Spatial tuning and brain state account for dorsal hippocampal {CA1} activity in a non-spatial learning task},
  author={Shan, Kevin Q and Lubenov, Evgueniy V and Papadopoulou, Maria and Siapas, Athanassios G},
  journal={eLife},
  volume={5},
  pages={e14321},
  year={2016},
  publisher={eLife Sciences Publications Limited}
}

@article{baden2016functional,
  title={The functional diversity of retinal ganglion cells in the mouse},
  author={Baden, Tom and Berens, Philipp and Franke, Katrin and Ros{\'o}n, Miroslav Rom{\'a}n and Bethge, Matthias and Euler, Thomas},
  journal={Nature},
  volume={529},
  number={7586},
  pages={345--350},
  year={2016},
  publisher={Nature Publishing Group}
}

@article{cadwell2016,
  title={Electrophysiological, transcriptomic and morphologic profiling of single neurons using Patch-seq},
  author={Cadwell, Cathryn R and Palasantza, Athanasia and Jiang, Xiaolong and Berens, Philipp and Deng, Qiaolin and Yilmaz, Marlene and Reimer, Jacob and Shen, Shan and Bethge, Matthias and Tolias, Kimberley F and others},
  journal={Nature biotechnology},
  volume={34},
  number={2},
  pages={199--203},
  year={2016},
  publisher={Nature Publishing Group}
}

@article{shade_computing_2015,
	title = {Computing {Workflows} for {Biologists}: {A} {Roadmap}},
	volume = {13},
	shorttitle = {Computing {Workflows} for {Biologists}},
	url = {http://dx.doi.org/10.1371/journal.pbio.1002303},
	doi = {10.1371/journal.pbio.1002303},
	number = {11},
	urldate = {2015-11-25},
	journal = {PLoS Biol},
	author = {Shade, Ashley and Teal, Tracy K.},
	month = nov,
	year = {2015},
	pages = {e1002303},
}

@article{jiang_principles_2015,
	title = {Principles of connectivity among morphologically defined cell types in adult neocortex},
	volume = {350},
	issn = {0036-8075, 1095-9203},
	url = {http://www.sciencemag.org/content/350/6264/aac9462},
	doi = {10.1126/science.aac9462},
	language = {en},
	number = {6264},
	urldate = {2015-11-29},
	journal = {Science},
	author = {Jiang, Xiaolong and Shen, Shan and Cadwell, Cathryn R. and Berens, Philipp and Sinz, Fabian and Ecker, Alexander S. and Patel, Saumil and Tolias, Andreas S.},
	month = Nov,
	year = {2015},
	pmid = {26612957},
	pages = {aac9462},
}

@article{smith_why_2015,
	series = {Advances in electrophysiological data analysis},
	title = {Why sharing matters for electrophysiological data analysis},
	volume = {119, Part B},
	issn = {0361-9230},
	url = {http://www.sciencedirect.com/science/article/pii/S0361923015300083},
	doi = {10.1016/j.brainresbull.2015.06.009},
	urldate = {2015-11-30},
	journal = {Brain Research Bulletin},
	author = {Smith, Leslie S.},
	month = oct,
	year = {2015},
	keywords = {Analysis tool sharing, data sharing, electrophysiology, Neuroinformatics, Repository},
	pages = {145--149},
}

@article{glaser_development_2016,
	title = {The {Development} and {Analysis} of {Integrated} {Neuroscience} {Data}},
	volume = {10},
	issn = {1662-5188},
	url = {http://www.ncbi.nlm.nih.gov/pmc/articles/PMC4749710/},
	doi = {10.3389/fncom.2016.00011},
	urldate = {2016-03-08},
	journal = {Front Comput Neurosci},
	author = {Glaser, Joshua I. and Kording, Konrad P.},
	month = feb,
	year = {2016},
	pmid = {26903852},
	pmcid = {PMC4749710},
	keywords = {data integration, large-scale data analysis, multimodal, neural data analysis, technology integration},
}

@article{maze_analytical_2014,
	title = {Analytical tools and current challenges in the modern era of neuroepigenomics},
	volume = {17},
	copyright = {© 2014 Nature Publishing Group, a division of Macmillan Publishers Limited. All Rights Reserved.},
	issn = {1097-6256},
	url = {http://www.nature.com.ezproxyhost.library.tmc.edu/neuro/journal/v17/n11/full/nn.3816.html},
	doi = {10.1038/nn.3816},
	language = {en},
	number = {11},
	urldate = {2015-09-23},
	journal = {Nat Neurosci},
	author = {Maze, Ian and Shen, Li and Zhang, Bin and Garcia, Benjamin A. and Shao, Ningyi and Mitchell, Amanda and Sun, HaoSheng and Akbarian, Schahram and Allis, C. David and Nestler, Eric J.},
	month = nov,
	year = {2014},
	pages = {1476--1490},
}

@article{gray_scientific_2005,
	title = {Scientific {Data} {Management} in the {Coming} {Decade}},
	volume = {34},
	url = {http://research.microsoft.com/apps/pubs/default.aspx?id=64537},
	number = {4},
	journal = {ACM SIGMOD Record},
	author = {Gray, Jim and Liu, David T. and Nieto-Santisteban, Maria A. and Szalay, Alexander S. and Heber, Gerd and DeWitt, David},
	month = jan,
	year = {2005},
	note = {also as MSR-TR-2005-10},
	pages = {35--41},
}

@article{helmer_enabling_2011,
	title = {Enabling collaborative research using the {Biomedical} {Informatics} {Research} {Network} ({BIRN})},
	volume = {18},
	issn = {1067-5027},
	url = {http://www.ncbi.nlm.nih.gov/pmc/articles/PMC3128398/},
	doi = {10.1136/amiajnl-2010-000032},
	number = {4},
	urldate = {2015-01-05},
	journal = {J Am Med Inform Assoc},
	author = {Helmer, Karl G and Ambite, Jose Luis and Ames, Joseph and Ananthakrishnan, Rachana and Burns, Gully and Chervenak, Ann L and Foster, Ian and Liming, Lee and Keator, David and Macciardi, Fabio and Madduri, Ravi and Navarro, John-Paul and Potkin, Steven and Rosen, Bruce and Ruffins, Seth and Schuler, Robert and Turner, Jessica A and Toga, Arthur and Williams, Christina and Kesselman, Carl},
	year = {2011},
	pmid = {21515543},
	pmcid = {PMC3128398},
	pages = {416--422},
}

@article{editorial_focus_2014,
	title = {Focus on big data},
	volume = {17},
	copyright = {© 2014 Nature Publishing Group, a division of Macmillan Publishers Limited. All Rights Reserved.},
	issn = {1097-6256},
	url = {http://www.nature.com/neuro/journal/v17/n11/full/nn.3856.html},
	doi = {10.1038/nn.3856},
	language = {en},
	number = {11},
	urldate = {2014-12-13},
	journal = {Nat Neurosci},
	author = {Editorial},
	month = nov,
	year = {2014},
	pages = {1429--1429},
}

@article{howell_how_2004,
	series = {Computational {Neuroscience}: {Trends} in {Research} 2004},
	title = {How do we get the data to build computational models?},
	volume = {58–60},
	issn = {0925-2312},
	url = {http://www.sciencedirect.com/science/article/pii/S092523120400178X},
	doi = {10.1016/j.neucom.2004.01.173},
	urldate = {2015-01-05},
	journal = {Neurocomputing},
	author = {Howell, F. and Cannon, R. and Goddard, N.},
	month = jun,
	year = {2004},
	keywords = {Databases, data management, NeuroML, XML},
	pages = {1103--1108},
}

@article{ludascher_managing_2006,
	title = {Managing scientific data: {From} data integration to scientific workflows*},
	volume = {397},
	issn = {0072-1077,},
	shorttitle = {Managing scientific data},
	url = {http://specialpapers.gsapubs.org/content/397/109},
	doi = {10.1130/2006.2397(08)},
	language = {en},
	urldate = {2015-01-05},
	journal = {Geological Society of America Special Papers},
	author = {Ludäscher, Bertram and Lin, Kai and Bowers, Shawn and Jaeger-Frank, Efrat and Brodaric, Boyan and Baru, Chaitan},
	month = jan,
	year = {2006},
	keywords = {data integration, ontologies, scientific data management, scientific workflows},
	pages = {109--129},
}

@article{lynch_big_2008,
	title = {Big data: {How} do your data grow?},
	volume = {455},
	copyright = {© 2008 Nature Publishing Group},
	issn = {0028-0836},
	shorttitle = {Big data},
	url = {http://www.nature.com.ezproxyhost.library.tmc.edu/nature/journal/v455/n7209/full/455028a.html},
	doi = {10.1038/455028a},
	language = {en},
	number = {7209},
	urldate = {2014-12-30},
	journal = {Nature},
	author = {Lynch, Clifford},
	month = sep,
	year = {2008},
	pages = {28--29},
}

@article{poldrack_making_2014,
	title = {Making big data open: data sharing in neuroimaging},
	volume = {17},
	copyright = {© 2014 Nature Publishing Group, a division of Macmillan Publishers Limited. All Rights Reserved.},
	issn = {1097-6256},
	shorttitle = {Making big data open},
	url = {http://www.nature.com.ezproxyhost.library.tmc.edu/neuro/journal/v17/n11/full/nn.3818.html},
	doi = {10.1038/nn.3818},
	language = {en},
	number = {11},
	urldate = {2014-12-13},
	journal = {Nat Neurosci},
	author = {Poldrack, Russell A. and Gorgolewski, Krzysztof J.},
	month = nov,
	year = {2014},
	pages = {1510--1517},
}

@article{anderson_issues_2007,
	title = {Issues in {Biomedical} {Research} {Data} {Management} and {Analysis}: {Needs} and {Barriers}},
	volume = {14},
	issn = {1067-5027},
	shorttitle = {Issues in {Biomedical} {Research} {Data} {Management} and {Analysis}},
	url = {http://www.sciencedirect.com/science/article/pii/S106750270700103X},
	doi = {10.1197/jamia.M2114},
	number = {4},
	urldate = {2015-01-05},
	journal = {Journal of the American Medical Informatics Association},
	author = {Anderson, Nicholas R. and Lee, E. Sally and Brockenbrough, J. Scott and Minie, Mark E. and Fuller, Sherrilynne and Brinkley, James and Tarczy-Hornoch, Peter},
	month = jul,
	year = {2007},
	pages = {478--488},
}

@article{howe_big_2008,
	title = {Big data: {The} future of biocuration},
	volume = {455},
	copyright = {© 2008 Nature Publishing Group},
	issn = {0028-0836},
	shorttitle = {Big data},
	url = {http://www.nature.com.ezproxyhost.library.tmc.edu/nature/journal/v455/n7209/full/455047a.html},
	doi = {10.1038/455047a},
	language = {en},
	number = {7209},
	urldate = {2014-12-30},
	journal = {Nature},
	author = {Howe, Doug and Costanzo, Maria and Fey, Petra and Gojobori, Takashi and Hannick, Linda and Hide, Winston and Hill, David P. and Kania, Renate and Schaeffer, Mary and St Pierre, Susan and Twigger, Simon and White, Owen and Yon Rhee, Seung},
	month = sep,
	year = {2008},
	pages = {47--50},
}

@article{kandel_neuroscience_2013,
	title = {Neuroscience thinks big (and collaboratively)},
	volume = {14},
	copyright = {© 2013 Nature Publishing Group, a division of Macmillan Publishers Limited. All Rights Reserved.},
	issn = {1471-003X},
	url = {http://www.nature.com.ezproxyhost.library.tmc.edu/nrn/journal/v14/n9/abs/nrn3578.html},
	doi = {10.1038/nrn3578},
	language = {en},
	number = {9},
	urldate = {2014-12-30},
	journal = {Nat Rev Neurosci},
	author = {Kandel, Eric R. and Markram, Henry and Matthews, Paul M. and Yuste, Rafael and Koch, Christof},
	month = sep,
	year = {2013},
	pages = {659--664},
}

@article{sejnowski_putting_2014,
	title = {Putting big data to good use in neuroscience},
	volume = {17},
	copyright = {© 2014 Nature Publishing Group, a division of Macmillan Publishers Limited. All Rights Reserved.},
	issn = {1097-6256},
	url = {http://www.nature.com.ezproxyhost.library.tmc.edu/neuro/journal/v17/n11/abs/nn.3839.html},
	doi = {10.1038/nn.3839},
	language = {en},
	number = {11},
	urldate = {2014-12-30},
	journal = {Nat Neurosci},
	author = {Sejnowski, Terrence J. and Churchland, Patricia S. and Movshon, J. Anthony},
	month = nov,
	year = {2014},
	pages = {1440--1441},
}

@article{small_database-managed_2009,
	series = {{fMRI}: {Advances}, problems, and the future},
	title = {Database-managed {Grid}-enabled analysis of neuroimaging data: {The} {CNARI} framework},
	volume = {73},
	issn = {0167-8760},
	shorttitle = {Database-managed {Grid}-enabled analysis of neuroimaging data},
	url = {http://www.sciencedirect.com/science/article/pii/S0167876009000282},
	doi = {10.1016/j.ijpsycho.2009.01.010},
	number = {1},
	urldate = {2015-01-05},
	journal = {International Journal of Psychophysiology},
	author = {Small, Steven L. and Wilde, Michael and Kenny, Sarah and Andric, Michael and Hasson, Uri},
	month = jul,
	year = {2009},
	keywords = {Brain, Cluster computing, Cognition, Cognitive neuroscience, cortex, Data analysis, database, Data storage, fMRI, Functional imaging, functional MRI, Grid, Grid computing, High-performance computing, Image analysis, imaging, Infrastructure, Language, Neurology, Neuroscience, Relational database},
	pages = {62--72},
}

@article{pittendrigh_neurosys_2003,
	title = {Neurosys},
	volume = {1},
	issn = {1539-2791, 1559-0089},
	url = {http://link.springer.com.ezproxyhost.library.tmc.edu/article/10.1007/s12021-003-0003-0},
	doi = {10.1007/s12021-003-0003-0},
	language = {en},
	number = {2},
	urldate = {2015-01-05},
	journal = {Neuroinform},
	author = {Pittendrigh, Sandy and Jacobs, Gwen},
	month = jun,
	year = {2003},
	keywords = {Biotechnology, database, data entry, electronic laboratory notebook, Engineering, general, Neurology, Neuroscience, neurosys, Semistructured data, XML},
	pages = {167--176},
}

@inproceedings{brown_overview_2010,
	address = {New York, NY, USA},
	series = {{SIGMOD} '10},
	title = {Overview of {sciDB}: {Large} {Scale} {Array} {Storage}, {Processing} and {Analysis}},
	isbn = {978-1-4503-0032-2},
	shorttitle = {Overview of {sciDB}},
	url = {http://doi.acm.org/10.1145/1807167.1807271},
	doi = {10.1145/1807167.1807271},
	urldate = {2015-01-05},
	booktitle = {Proceedings of the 2010 {ACM} {SIGMOD} {International} {Conference} on {Management} of {Data}},
	publisher = {ACM},
	author = {Brown, Paul G.},
	year = {2010},
	keywords = {acm, data, industrial, management, proceedings, scientific, sigmod},
	pages = {963--968}
}

@article{schutter_review_2009,
	title = {Review of {Papers} {Describing} {Neuroinformatics} {Software}},
	volume = {7},
	issn = {1539-2791, 1559-0089},
	url = {http://link.springer.com.ezproxyhost.library.tmc.edu/article/10.1007/s12021-009-9058-x},
	doi = {10.1007/s12021-009-9058-x},
	language = {en},
	number = {4},
	urldate = {2015-01-05},
	journal = {Neuroinform},
	author = {Schutter, Erik De and Ascoli, Giorgio A. and Kennedy, David N.},
	month = dec,
	year = {2009},
	keywords = {Biotechnology, Computational Biology/Bioinformatics, Computer Appl. in Life Sciences, Neurology, Neurosciences},
	pages = {211--212},
}

@article{shi_synapticdb_2011,
	title = {{SynapticDB}, {Effective} {Web}-based {Management} and {Sharing} of {Data} from {Serial} {Section} {Electron} {Microscopy}},
	volume = {9},
	issn = {1539-2791, 1559-0089},
	url = {http://link.springer.com.ezproxyhost.library.tmc.edu/article/10.1007/s12021-010-9088-4},
	doi = {10.1007/s12021-010-9088-4},
	language = {en},
	number = {1},
	urldate = {2015-01-05},
	journal = {Neuroinform},
	author = {Shi, Bitao and Bourne, Jennifer and Harris, Kristen M.},
	month = mar,
	year = {2011},
	pages = {39--57}
}

@article{codd_relational_1970,
	title = {A {Relational} {Model} of {Data} for {Large} {Shared} {Data} {Banks}},
	volume = {13},
	issn = {0001-0782},
	url = {http://doi.acm.org/10.1145/362384.362685},
	doi = {10.1145/362384.362685},
	number = {6},
	urldate = {2014-12-30},
	journal = {Commun. ACM},
	author = {Codd, E. F.},
	month = jun,
	year = {1970},
	pages = {377--387},
}

@article{gunay_database_2009,
	title = {Database {Analysis} of {Simulated} and {Recorded} {Electrophysiological} {Datasets} with {PANDORA}'s {Toolbox}},
	volume = {7},
	issn = {1539-2791, 1559-0089},
	url = {http://link.springer.com.ezproxyhost.library.tmc.edu/article/10.1007/s12021-009-9048-z},
	doi = {10.1007/s12021-009-9048-z},
	language = {en},
	number = {2},
	urldate = {2015-01-05},
	journal = {Neuroinform},
	author = {G\"unay, Cengiz and Edgerton, Jeremy R. and Li, Su and Sangrey, Thomas and Prinz, Astrid A. and Jaeger, Dieter},
	month = jun,
	year = {2009},
	pages = {93--111},
}

@incollection{crook_xml_2007,
	series = {Methods in {Molecular} {Biology}™},
	title = {{XML} for {Data} {Representation} and {Model} {Specification} in {Neuroscience}},
	copyright = {©2007 Humana Press},
	isbn = {978-1-58829-720-4 978-1-59745-520-6},
	url = {http://link.springer.com.ezproxyhost.library.tmc.edu/protocol/10.1007/978-1-59745-520-6_4},
	language = {en},
	number = {401},
	urldate = {2015-01-05},
	booktitle = {Neuroinformatics},
	publisher = {Humana Press},
	author = {Crook, Sharon M. and Howell, Fred W.},
	month = jan,
	year = {2007},
	keywords = {Human Physiology, MorphML, Neuroinformatics, Neurology, NeuroML, Neuronal morphology, Neurosciences, XML},
	pages = {53--66},
}

@article{ikeno_development_2007,
	series = {Computational {Neuroscience}: {Trends} in {Research} 2007 {Computational} {Neuroscience} 2006},
	title = {Development and application of {CMS}-based database modules for neuroinformatics},
	volume = {70},
	issn = {0925-2312},
	url = {http://www.sciencedirect.com/science/article/pii/S0925231206004395},
	doi = {10.1016/j.neucom.2006.10.123},
	number = {10–12},
	urldate = {2015-01-05},
	journal = {Neurocomputing},
	author = {Ikeno, Hidetoshi and Nishioka, Takuto and Hachida, Takuya and Kanzaki, Ryohei and Seki, Yoichi and Ohzawa, Izumi and Usui, Shiro},
	month = jun,
	year = {2007},
	keywords = {Content management system, database, Internet, Neuroinformatics},
	pages = {2122--2128},
}

@incollection{wang_database_2008,
	title = {Database {Management} {System} for {Protein} {Structure} {Data}},
	copyright = {©2008 Springer Science+Business Media B.V.},
	isbn = {978-1-4020-8734-9 978-1-4020-8735-6},
	url = {http://link.springer.com.ezproxyhost.library.tmc.edu/chapter/10.1007/978-1-4020-8735-6_98},
	language = {en},
	urldate = {2015-01-05},
	booktitle = {Innovations and {Advanced} {Techniques} in {Systems}, {Computing} {Sciences} and {Software} {Engineering}},
	publisher = {Springer Netherlands},
	author = {Wang, Yanchao and Sunderraman, Rajshekhar},
	editor = {Elleithy, Khaled},
	month = jan,
	year = {2008},
	keywords = {Communications Engineering, Networks, Computer Systems Organization and Communication Networks, Software Engineering/Programming and Operating Systems},
	pages = {526--531}
}

@article{freier_biodataserver:_2002,
	title = {{BioDataServer}: {A} {SQL}-{Based} {Service} for the {Online} {Integration} of {Life} {Science} {Data}},
	volume = {2},
	shorttitle = {{BioDataServer}},
	url = {http://iospress.metapress.com/content/T01BA992URAT9L7P},
	number = {2},
	urldate = {2015-01-05},
	journal = {In Silico Biology},
	author = {Freier, Andreas and Hofestädt, Ralf and Lange, Matthias and Scholz, Uwe and Stephanik, Andreas},
	month = jan,
	year = {2002},
	pages = {37--57},
}

@phdthesis{zhang_experibase_2004,
	type = {Thesis},
	title = {{ExperiBase} : an integrated software architecture to support modern experimental biology},
	copyright = {http://dspace.mit.edu/handle/1721.1/7582},
	shorttitle = {{ExperiBase}},
	url = {http://dspace.mit.edu/handle/1721.1/17957},
	language = {eng},
	urldate = {2015-01-05},
	school = {Massachusetts Institute of Technology},
	author = {Zhang, Shixin},
	year = {2004},
	note = {Thesis (Ph. D.)--Massachusetts Institute of Technology, Dept. of Mechanical Engineering, 2004.}
}

@article{dashti_database_1997,
	title = {Database {Challenges} and {Solutions} in {Neuroscientific} {Applications}},
	volume = {5},
	issn = {1053-8119},
	url = {http://www.sciencedirect.com/science/article/pii/S1053811996902530},
	doi = {10.1006/nimg.1996.0253},
	number = {2},
	urldate = {2015-01-05},
	journal = {NeuroImage},
	author = {Dashti, Ali E. and Ghandeharizadeh, Shahram and Stone, James and Swanson, Larry W. and Thompson, Richard H.},
	month = feb,
	year = {1997},
	pages = {97--115},
}

@inproceedings{ma_godiva:_2004,
	title = {{GODIVA}: lightweight data management for scientific visualization applications},
	shorttitle = {{GODIVA}},
	doi = {10.1109/ICDE.2004.1320041},
	booktitle = {20th {International} {Conference} on {Data} {Engineering}, 2004. {Proceedings}},
	author = {Ma, Xiaosong and Winslett, M. and Norris, J. and Jiao, Xiangmin and Fiedler, R.},
	month = mar,
	year = {2004},
	keywords = {Application software, codes, computational modeling, Computer science, Computer simulation, database-like interface, database management systems, Data engineering, data management, data visualisation, Data visualization, DBMS, GODIVA, in-memory data, I/O optimization, libraries, lightweight data management, parallel platform, Relational databases, Rockets, scientific visualization application, storage management, user interfaces, user library, Visual databases, visualization codes, visualization tools},
	pages = {732--743},
}

@article{goddard_axiope_2003,
	title = {Axiope tools for data management and data sharing},
	volume = {1},
	issn = {1539-2791, 1559-0089},
	url = {http://link.springer.com.ezproxyhost.library.tmc.edu/article/10.1385/NI%3A1%3A3%3A271},
	doi = {10.1385/NI:1:3:271},
	language = {en},
	number = {3},
	urldate = {2015-01-05},
	journal = {Neuroinform},
	author = {Goddard, Nigel H. and Cannon, Robert C. and Howell, Fred W.},
	month = sep,
	year = {2003},
	keywords = {Biotechnology, catalog, Computational Biology/Bioinformatics, Computer Appl. in Life Sciences, database, data federation, data management, data sharing, Neurology, Neurosciences, search},
	pages = {271--284},
}

@article{wilkinson_fair_2016,
    title = {The {FAIR} {Guiding} {Principles} for scientific data management and stewardship},
    volume = {3},
    issn = {2052-4463},
    doi = {10.1038/sdata.2016.18},
    language = {ENG},
    journal = {Scientific Data},
    author = {Wilkinson, Mark D. and Dumontier, Michel and Aalbersberg, I. Jsbrand Jan and Appleton, Gabrielle and Axton, Myles and Baak, Arie and Blomberg, Niklas and Boiten, Jan-Willem and da Silva Santos, Luiz Bonino and Bourne, Philip E. and Bouwman, Jildau and Brookes, Anthony J. and Clark, Tim and Crosas, Mercè and Dillo, Ingrid and Dumon, Olivier and Edmunds, Scott and Evelo, Chris T. and Finkers, Richard and Gonzalez-Beltran, Alejandra and Gray, Alasdair J. G. and Groth, Paul and Goble, Carole and Grethe, Jeffrey S. and Heringa, Jaap and 't Hoen, Peter A. C. and Hooft, Rob and Kuhn, Tobias and Kok, Ruben and Kok, Joost and Lusher, Scott J. and Martone, Maryann E. and Mons, Albert and Packer, Abel L. and Persson, Bengt and Rocca-Serra, Philippe and Roos, Marco and van Schaik, Rene and Sansone, Susanna-Assunta and Schultes, Erik and Sengstag, Thierry and Slater, Ted and Strawn, George and Swertz, Morris A. and Thompson, Mark and van der Lei, Johan and van Mulligen, Erik and Velterop, Jan and Waagmeester, Andra and Wittenburg, Peter and Wolstencroft, Katherine and Zhao, Jun and Mons, Barend},
    month = mar,
    year = {2016},
    pmid = {26978244},
    pmcid = {PMC4792175},
    keywords = {database management systems, Data Collection, Data Curation, Guidelines as Topic, Reproducibility of Results, Research Design},
    pages = {160018}
}

@article{nosek_promoting_2015,
    title = {Promoting an open research culture},
    volume = {348},
    copyright = {Copyright © 2015, American Association for the Advancement of Science},
    issn = {0036-8075, 1095-9203},
    url = {http://science.sciencemag.org/content/348/6242/1422},
    doi = {10.1126/science.aab2374},
    language = {en},
    number = {6242},
    urldate = {2016-10-26},
    journal = {Science},
    author = {Nosek, B. A. and Alter, G. and Banks, G. C. and Borsboom, D. and Bowman, S. D. and Breckler, S. J. and Buck, S. and Chambers, C. D. and Chin, G. and Christensen, G. and Contestabile, M. and Dafoe, A. and Eich, E. and Freese, J. and Glennerster, R. and Goroff, D. and Green, D. P. and Hesse, B. and Humphreys, M. and Ishiyama, J. and Karlan, D. and Kraut, A. and Lupia, A. and Mabry, P. and Madon, T. and Malhotra, N. and Mayo-Wilson, E. and McNutt, M. and Miguel, E. and Paluck, E. Levy and Simonsohn, U. and Soderberg, C. and Spellman, B. A. and Turitto, J. and VandenBos, G. and Vazire, S. and Wagenmakers, E. J. and Wilson, R. and Yarkoni, T.},
    month = jun,
    year = {2015},
    pmid = {26113702},
    pages = {1422--1425}
}
